@article{bayes_echo,
  title={The Bayesian Echo Chamber: Modeling Social Influence via Linguistic Accommodation},
  author={Guo, Blundell, Wallach, and Heller},
  journal={International Conference on Artificial Intelligence and Statistics},
  year={2015}
}

@article{medialab,
  title={The spread of true and false news online},
  author={Vosoughi, Roy, and Aral},
  journal={Science},
  pages={1146â€“1151},
  year={2018}
}
